%YAML 1.1
%TAG !u! tag:unity3d.com,2011:
--- !u!1 &512872778341734396
GameObject:
  m_ObjectHideFlags: 0
  m_CorrespondingSourceObject: {fileID: 0}
  m_PrefabInstance: {fileID: 0}
  m_PrefabAsset: {fileID: 0}
  serializedVersion: 6
  m_Component:
  - component: {fileID: 3550330519190250991}
  - component: {fileID: 7215872487012166599}
  - component: {fileID: 7215872487012166598}
  m_Layer: 0
  m_Name: Wall
  m_TagString: Untagged
  m_Icon: {fileID: 0}
  m_NavMeshLayer: 0
  m_StaticEditorFlags: 0
  m_IsActive: 1
--- !u!4 &3550330519190250991
Transform:
  m_ObjectHideFlags: 0
  m_CorrespondingSourceObject: {fileID: 0}
  m_PrefabInstance: {fileID: 0}
  m_PrefabAsset: {fileID: 0}
  m_GameObject: {fileID: 512872778341734396}
  m_LocalRotation: {x: 0, y: 0, z: 0, w: 1}
  m_LocalPosition: {x: 0, y: 0, z: 0}
  m_LocalScale: {x: 1, y: 1, z: 1}
  m_Children:
  - {fileID: 6117663153225243279}
  - {fileID: 415808983512446353}
  m_Father: {fileID: 0}
  m_RootOrder: 0
  m_LocalEulerAnglesHint: {x: 0, y: 0, z: 0}
--- !u!65 &7215872487012166599
BoxCollider:
  m_ObjectHideFlags: 0
  m_CorrespondingSourceObject: {fileID: 0}
  m_PrefabInstance: {fileID: 0}
  m_PrefabAsset: {fileID: 0}
  m_GameObject: {fileID: 512872778341734396}
  m_Material: {fileID: 0}
  m_IsTrigger: 0
  m_Enabled: 1
  serializedVersion: 2
  m_Size: {x: 1, y: 2.5, z: 0.1}
  m_Center: {x: 0, y: 1.25, z: 0}
--- !u!114 &7215872487012166598
MonoBehaviour:
  m_ObjectHideFlags: 0
  m_CorrespondingSourceObject: {fileID: 0}
  m_PrefabInstance: {fileID: 0}
  m_PrefabAsset: {fileID: 0}
  m_GameObject: {fileID: 512872778341734396}
  m_Enabled: 1
  m_EditorHideFlags: 0
  m_Script: {fileID: 11500000, guid: 83f69bd4e7013d840b4a120e0f7754ce, type: 3}
  m_Name: 
  m_EditorClassIdentifier: 
  hp: 15
  solidObject: {fileID: 7343168972193406971}
  destroyedObject: {fileID: 3719438696206436226}
  debrisParticle: {fileID: 0}
  solidCollider: {fileID: 7215872487012166599}
--- !u!54 &3113287409227259608
Rigidbody:
  m_ObjectHideFlags: 0
  m_CorrespondingSourceObject: {fileID: 0}
  m_PrefabInstance: {fileID: 0}
  m_PrefabAsset: {fileID: 0}
  m_GameObject: {fileID: 620876759583116788}
  serializedVersion: 2
  m_Mass: 3.61
  m_Drag: 0
  m_AngularDrag: 0.05
  m_UseGravity: 1
  m_IsKinematic: 0
  m_Interpolate: 0
  m_Constraints: 0
  m_CollisionDetection: 0
--- !u!64 &5751590384209777260
MeshCollider:
  m_ObjectHideFlags: 0
  m_CorrespondingSourceObject: {fileID: 0}
  m_PrefabInstance: {fileID: 0}
  m_PrefabAsset: {fileID: 0}
  m_GameObject: {fileID: 620876759583116788}
  m_Material: {fileID: 0}
  m_IsTrigger: 0
  m_Enabled: 1
  serializedVersion: 3
  m_Convex: 1
  m_CookingOptions: 14
  m_Mesh: {fileID: -2026262617049854822, guid: 9636f8576d2750e409bef2f15bfce685, type: 3}
--- !u!54 &6535798630591219638
Rigidbody:
  m_ObjectHideFlags: 0
  m_CorrespondingSourceObject: {fileID: 0}
  m_PrefabInstance: {fileID: 0}
  m_PrefabAsset: {fileID: 0}
  m_GameObject: {fileID: 775112247446690373}
  serializedVersion: 2
  m_Mass: 3.61
  m_Drag: 0
  m_AngularDrag: 0.05
  m_UseGravity: 1
  m_IsKinematic: 0
  m_Interpolate: 0
  m_Constraints: 0
  m_CollisionDetection: 0
--- !u!64 &4932400932183333043
MeshCollider:
  m_ObjectHideFlags: 0
  m_CorrespondingSourceObject: {fileID: 0}
  m_PrefabInstance: {fileID: 0}
  m_PrefabAsset: {fileID: 0}
  m_GameObject: {fileID: 775112247446690373}
  m_Material: {fileID: 0}
  m_IsTrigger: 0
  m_Enabled: 1
  serializedVersion: 3
  m_Convex: 1
  m_CookingOptions: 14
  m_Mesh: {fileID: 7488131656219180419, guid: 9636f8576d2750e409bef2f15bfce685, type: 3}
--- !u!54 &6522904016855703088
Rigidbody:
  m_ObjectHideFlags: 0
  m_CorrespondingSourceObject: {fileID: 0}
  m_PrefabInstance: {fileID: 0}
  m_PrefabAsset: {fileID: 0}
  m_GameObject: {fileID: 805254834915670010}
  serializedVersion: 2
  m_Mass: 3.61
  m_Drag: 0
  m_AngularDrag: 0.05
  m_UseGravity: 1
  m_IsKinematic: 0
  m_Interpolate: 0
  m_Constraints: 0
  m_CollisionDetection: 0
--- !u!64 &8469843345174969429
MeshCollider:
  m_ObjectHideFlags: 0
  m_CorrespondingSourceObject: {fileID: 0}
  m_PrefabInstance: {fileID: 0}
  m_PrefabAsset: {fileID: 0}
  m_GameObject: {fileID: 805254834915670010}
  m_Material: {fileID: 0}
  m_IsTrigger: 0
  m_Enabled: 1
  serializedVersion: 3
  m_Convex: 1
  m_CookingOptions: 14
  m_Mesh: {fileID: 8936373856216199541, guid: 9636f8576d2750e409bef2f15bfce685, type: 3}
--- !u!54 &4203247162333994419
Rigidbody:
  m_ObjectHideFlags: 0
  m_CorrespondingSourceObject: {fileID: 0}
  m_PrefabInstance: {fileID: 0}
  m_PrefabAsset: {fileID: 0}
  m_GameObject: {fileID: 1531083482740313561}
  serializedVersion: 2
  m_Mass: 3.61
  m_Drag: 0
  m_AngularDrag: 0.05
  m_UseGravity: 1
  m_IsKinematic: 0
  m_Interpolate: 0
  m_Constraints: 0
  m_CollisionDetection: 0
--- !u!64 &6028889956458096982
MeshCollider:
  m_ObjectHideFlags: 0
  m_CorrespondingSourceObject: {fileID: 0}
  m_PrefabInstance: {fileID: 0}
  m_PrefabAsset: {fileID: 0}
  m_GameObject: {fileID: 1531083482740313561}
  m_Material: {fileID: 0}
  m_IsTrigger: 0
  m_Enabled: 1
  serializedVersion: 3
  m_Convex: 1
  m_CookingOptions: 14
  m_Mesh: {fileID: -6797056933820404952, guid: 9636f8576d2750e409bef2f15bfce685, type: 3}
--- !u!54 &6377893818623148433
Rigidbody:
  m_ObjectHideFlags: 0
  m_CorrespondingSourceObject: {fileID: 0}
  m_PrefabInstance: {fileID: 0}
  m_PrefabAsset: {fileID: 0}
  m_GameObject: {fileID: 1788188874658448460}
  serializedVersion: 2
  m_Mass: 3.61
  m_Drag: 0
  m_AngularDrag: 0.05
  m_UseGravity: 1
  m_IsKinematic: 0
  m_Interpolate: 0
  m_Constraints: 0
  m_CollisionDetection: 0
--- !u!64 &5554990049155191851
MeshCollider:
  m_ObjectHideFlags: 0
  m_CorrespondingSourceObject: {fileID: 0}
  m_PrefabInstance: {fileID: 0}
  m_PrefabAsset: {fileID: 0}
  m_GameObject: {fileID: 1788188874658448460}
  m_Material: {fileID: 0}
  m_IsTrigger: 0
  m_Enabled: 1
  serializedVersion: 3
  m_Convex: 1
  m_CookingOptions: 14
  m_Mesh: {fileID: 6536134465605235587, guid: 9636f8576d2750e409bef2f15bfce685, type: 3}
--- !u!54 &644570010909310429
Rigidbody:
  m_ObjectHideFlags: 0
  m_CorrespondingSourceObject: {fileID: 0}
  m_PrefabInstance: {fileID: 0}
  m_PrefabAsset: {fileID: 0}
  m_GameObject: {fileID: 2294608530031656187}
  serializedVersion: 2
  m_Mass: 3.61
  m_Drag: 0
  m_AngularDrag: 0.05
  m_UseGravity: 1
  m_IsKinematic: 0
  m_Interpolate: 0
  m_Constraints: 0
  m_CollisionDetection: 0
--- !u!64 &6518444298568344368
MeshCollider:
  m_ObjectHideFlags: 0
  m_CorrespondingSourceObject: {fileID: 0}
  m_PrefabInstance: {fileID: 0}
  m_PrefabAsset: {fileID: 0}
  m_GameObject: {fileID: 2294608530031656187}
  m_Material: {fileID: 0}
  m_IsTrigger: 0
  m_Enabled: 1
  serializedVersion: 3
  m_Convex: 1
  m_CookingOptions: 14
  m_Mesh: {fileID: 7541443407007889340, guid: 9636f8576d2750e409bef2f15bfce685, type: 3}
--- !u!54 &1711333273112751074
Rigidbody:
  m_ObjectHideFlags: 0
  m_CorrespondingSourceObject: {fileID: 0}
  m_PrefabInstance: {fileID: 0}
  m_PrefabAsset: {fileID: 0}
  m_GameObject: {fileID: 2746088248770601293}
  serializedVersion: 2
  m_Mass: 3.61
  m_Drag: 0
  m_AngularDrag: 0.05
  m_UseGravity: 1
  m_IsKinematic: 0
  m_Interpolate: 0
  m_Constraints: 0
  m_CollisionDetection: 0
--- !u!64 &5312869375142237496
MeshCollider:
  m_ObjectHideFlags: 0
  m_CorrespondingSourceObject: {fileID: 0}
  m_PrefabInstance: {fileID: 0}
  m_PrefabAsset: {fileID: 0}
  m_GameObject: {fileID: 2746088248770601293}
  m_Material: {fileID: 0}
  m_IsTrigger: 0
  m_Enabled: 1
  serializedVersion: 3
  m_Convex: 1
  m_CookingOptions: 14
  m_Mesh: {fileID: -4031841655548383226, guid: 9636f8576d2750e409bef2f15bfce685, type: 3}
--- !u!54 &4191994758651963059
Rigidbody:
  m_ObjectHideFlags: 0
  m_CorrespondingSourceObject: {fileID: 0}
  m_PrefabInstance: {fileID: 0}
  m_PrefabAsset: {fileID: 0}
  m_GameObject: {fileID: 2867254594838715159}
  serializedVersion: 2
  m_Mass: 3.61
  m_Drag: 0
  m_AngularDrag: 0.05
  m_UseGravity: 1
  m_IsKinematic: 0
  m_Interpolate: 0
  m_Constraints: 0
  m_CollisionDetection: 0
--- !u!64 &2456251978589849258
MeshCollider:
  m_ObjectHideFlags: 0
  m_CorrespondingSourceObject: {fileID: 0}
  m_PrefabInstance: {fileID: 0}
  m_PrefabAsset: {fileID: 0}
  m_GameObject: {fileID: 2867254594838715159}
  m_Material: {fileID: 0}
  m_IsTrigger: 0
  m_Enabled: 1
  serializedVersion: 3
  m_Convex: 1
  m_CookingOptions: 14
  m_Mesh: {fileID: -5045308580223920050, guid: 9636f8576d2750e409bef2f15bfce685, type: 3}
--- !u!54 &4847899053229822378
Rigidbody:
  m_ObjectHideFlags: 0
  m_CorrespondingSourceObject: {fileID: 0}
  m_PrefabInstance: {fileID: 0}
  m_PrefabAsset: {fileID: 0}
  m_GameObject: {fileID: 3014201145467457699}
  serializedVersion: 2
  m_Mass: 3.61
  m_Drag: 0
  m_AngularDrag: 0.05
  m_UseGravity: 1
  m_IsKinematic: 0
  m_Interpolate: 0
  m_Constraints: 0
  m_CollisionDetection: 0
--- !u!64 &7201636403776127495
MeshCollider:
  m_ObjectHideFlags: 0
  m_CorrespondingSourceObject: {fileID: 0}
  m_PrefabInstance: {fileID: 0}
  m_PrefabAsset: {fileID: 0}
  m_GameObject: {fileID: 3014201145467457699}
  m_Material: {fileID: 0}
  m_IsTrigger: 0
  m_Enabled: 1
  serializedVersion: 3
  m_Convex: 1
  m_CookingOptions: 14
  m_Mesh: {fileID: 4050163397180989828, guid: 9636f8576d2750e409bef2f15bfce685, type: 3}
--- !u!54 &660648279001691919
Rigidbody:
  m_ObjectHideFlags: 0
  m_CorrespondingSourceObject: {fileID: 0}
  m_PrefabInstance: {fileID: 0}
  m_PrefabAsset: {fileID: 0}
  m_GameObject: {fileID: 3032805710186826068}
  serializedVersion: 2
  m_Mass: 3.61
  m_Drag: 0
  m_AngularDrag: 0.05
  m_UseGravity: 1
  m_IsKinematic: 0
  m_Interpolate: 0
  m_Constraints: 0
  m_CollisionDetection: 0
--- !u!64 &264487241826970820
MeshCollider:
  m_ObjectHideFlags: 0
  m_CorrespondingSourceObject: {fileID: 0}
  m_PrefabInstance: {fileID: 0}
  m_PrefabAsset: {fileID: 0}
  m_GameObject: {fileID: 3032805710186826068}
  m_Material: {fileID: 0}
  m_IsTrigger: 0
  m_Enabled: 1
  serializedVersion: 3
  m_Convex: 1
  m_CookingOptions: 14
  m_Mesh: {fileID: 3417466013084341584, guid: 9636f8576d2750e409bef2f15bfce685, type: 3}
--- !u!54 &6820028014499678242
Rigidbody:
  m_ObjectHideFlags: 0
  m_CorrespondingSourceObject: {fileID: 0}
  m_PrefabInstance: {fileID: 0}
  m_PrefabAsset: {fileID: 0}
  m_GameObject: {fileID: 3808675278314820952}
  serializedVersion: 2
  m_Mass: 3.61
  m_Drag: 0
  m_AngularDrag: 0.05
  m_UseGravity: 1
  m_IsKinematic: 0
  m_Interpolate: 0
  m_Constraints: 0
  m_CollisionDetection: 0
--- !u!64 &8661091740471088331
MeshCollider:
  m_ObjectHideFlags: 0
  m_CorrespondingSourceObject: {fileID: 0}
  m_PrefabInstance: {fileID: 0}
  m_PrefabAsset: {fileID: 0}
  m_GameObject: {fileID: 3808675278314820952}
  m_Material: {fileID: 0}
  m_IsTrigger: 0
  m_Enabled: 1
  serializedVersion: 3
  m_Convex: 1
  m_CookingOptions: 14
  m_Mesh: {fileID: 2134467521788712521, guid: 9636f8576d2750e409bef2f15bfce685, type: 3}
--- !u!54 &3416234106339366516
Rigidbody:
  m_ObjectHideFlags: 0
  m_CorrespondingSourceObject: {fileID: 0}
  m_PrefabInstance: {fileID: 0}
  m_PrefabAsset: {fileID: 0}
  m_GameObject: {fileID: 4480456709078248880}
  serializedVersion: 2
  m_Mass: 3.61
  m_Drag: 0
  m_AngularDrag: 0.05
  m_UseGravity: 1
  m_IsKinematic: 0
  m_Interpolate: 0
  m_Constraints: 0
  m_CollisionDetection: 0
--- !u!64 &3650147185673180993
MeshCollider:
  m_ObjectHideFlags: 0
  m_CorrespondingSourceObject: {fileID: 0}
  m_PrefabInstance: {fileID: 0}
  m_PrefabAsset: {fileID: 0}
  m_GameObject: {fileID: 4480456709078248880}
  m_Material: {fileID: 0}
  m_IsTrigger: 0
  m_Enabled: 1
  serializedVersion: 3
  m_Convex: 1
  m_CookingOptions: 14
  m_Mesh: {fileID: 3216390481933816744, guid: 9636f8576d2750e409bef2f15bfce685, type: 3}
--- !u!54 &2568664156569459602
Rigidbody:
  m_ObjectHideFlags: 0
  m_CorrespondingSourceObject: {fileID: 0}
  m_PrefabInstance: {fileID: 0}
  m_PrefabAsset: {fileID: 0}
  m_GameObject: {fileID: 4764491903472284184}
  serializedVersion: 2
  m_Mass: 3.61
  m_Drag: 0
  m_AngularDrag: 0.05
  m_UseGravity: 1
  m_IsKinematic: 0
  m_Interpolate: 0
  m_Constraints: 0
  m_CollisionDetection: 0
--- !u!64 &8631160111882802426
MeshCollider:
  m_ObjectHideFlags: 0
  m_CorrespondingSourceObject: {fileID: 0}
  m_PrefabInstance: {fileID: 0}
  m_PrefabAsset: {fileID: 0}
  m_GameObject: {fileID: 4764491903472284184}
  m_Material: {fileID: 0}
  m_IsTrigger: 0
  m_Enabled: 1
  serializedVersion: 3
  m_Convex: 1
  m_CookingOptions: 14
  m_Mesh: {fileID: 2356007835997612477, guid: 9636f8576d2750e409bef2f15bfce685, type: 3}
--- !u!54 &4193110353130739531
Rigidbody:
  m_ObjectHideFlags: 0
  m_CorrespondingSourceObject: {fileID: 0}
  m_PrefabInstance: {fileID: 0}
  m_PrefabAsset: {fileID: 0}
  m_GameObject: {fileID: 4915778084931767431}
  serializedVersion: 2
  m_Mass: 3.61
  m_Drag: 0
  m_AngularDrag: 0.05
  m_UseGravity: 1
  m_IsKinematic: 0
  m_Interpolate: 0
  m_Constraints: 0
  m_CollisionDetection: 0
--- !u!64 &547073851886287626
MeshCollider:
  m_ObjectHideFlags: 0
  m_CorrespondingSourceObject: {fileID: 0}
  m_PrefabInstance: {fileID: 0}
  m_PrefabAsset: {fileID: 0}
  m_GameObject: {fileID: 4915778084931767431}
  m_Material: {fileID: 0}
  m_IsTrigger: 0
  m_Enabled: 1
  serializedVersion: 3
  m_Convex: 1
  m_CookingOptions: 14
  m_Mesh: {fileID: 4752829800323110028, guid: 9636f8576d2750e409bef2f15bfce685, type: 3}
--- !u!54 &7804847117890329288
Rigidbody:
  m_ObjectHideFlags: 0
  m_CorrespondingSourceObject: {fileID: 0}
  m_PrefabInstance: {fileID: 0}
  m_PrefabAsset: {fileID: 0}
  m_GameObject: {fileID: 5063878775584882515}
  serializedVersion: 2
  m_Mass: 3.61
  m_Drag: 0
  m_AngularDrag: 0.05
  m_UseGravity: 1
  m_IsKinematic: 0
  m_Interpolate: 0
  m_Constraints: 0
  m_CollisionDetection: 0
--- !u!64 &7144315550340181415
MeshCollider:
  m_ObjectHideFlags: 0
  m_CorrespondingSourceObject: {fileID: 0}
  m_PrefabInstance: {fileID: 0}
  m_PrefabAsset: {fileID: 0}
  m_GameObject: {fileID: 5063878775584882515}
  m_Material: {fileID: 0}
  m_IsTrigger: 0
  m_Enabled: 1
  serializedVersion: 3
  m_Convex: 1
  m_CookingOptions: 14
  m_Mesh: {fileID: 7490415125318967949, guid: 9636f8576d2750e409bef2f15bfce685, type: 3}
--- !u!54 &3622737453833187593
Rigidbody:
  m_ObjectHideFlags: 0
  m_CorrespondingSourceObject: {fileID: 0}
  m_PrefabInstance: {fileID: 0}
  m_PrefabAsset: {fileID: 0}
  m_GameObject: {fileID: 5111213665588057868}
  serializedVersion: 2
  m_Mass: 3.61
  m_Drag: 0
  m_AngularDrag: 0.05
  m_UseGravity: 1
  m_IsKinematic: 0
  m_Interpolate: 0
  m_Constraints: 0
  m_CollisionDetection: 0
--- !u!64 &1247520442875392624
MeshCollider:
  m_ObjectHideFlags: 0
  m_CorrespondingSourceObject: {fileID: 0}
  m_PrefabInstance: {fileID: 0}
  m_PrefabAsset: {fileID: 0}
  m_GameObject: {fileID: 5111213665588057868}
  m_Material: {fileID: 0}
  m_IsTrigger: 0
  m_Enabled: 1
  serializedVersion: 3
  m_Convex: 1
  m_CookingOptions: 14
  m_Mesh: {fileID: 4883131328977141648, guid: 9636f8576d2750e409bef2f15bfce685, type: 3}
--- !u!54 &7130490842184127208
Rigidbody:
  m_ObjectHideFlags: 0
  m_CorrespondingSourceObject: {fileID: 0}
  m_PrefabInstance: {fileID: 0}
  m_PrefabAsset: {fileID: 0}
  m_GameObject: {fileID: 5433408833946713917}
  serializedVersion: 2
  m_Mass: 3.61
  m_Drag: 0
  m_AngularDrag: 0.05
  m_UseGravity: 1
  m_IsKinematic: 0
  m_Interpolate: 0
  m_Constraints: 0
  m_CollisionDetection: 0
--- !u!64 &1462966228009478515
MeshCollider:
  m_ObjectHideFlags: 0
  m_CorrespondingSourceObject: {fileID: 0}
  m_PrefabInstance: {fileID: 0}
  m_PrefabAsset: {fileID: 0}
  m_GameObject: {fileID: 5433408833946713917}
  m_Material: {fileID: 0}
  m_IsTrigger: 0
  m_Enabled: 1
  serializedVersion: 3
  m_Convex: 1
  m_CookingOptions: 14
  m_Mesh: {fileID: 5741422521648634768, guid: 9636f8576d2750e409bef2f15bfce685, type: 3}
--- !u!54 &1332017728245321001
Rigidbody:
  m_ObjectHideFlags: 0
  m_CorrespondingSourceObject: {fileID: 0}
  m_PrefabInstance: {fileID: 0}
  m_PrefabAsset: {fileID: 0}
  m_GameObject: {fileID: 5436460727350938090}
  serializedVersion: 2
  m_Mass: 3.61
  m_Drag: 0
  m_AngularDrag: 0.05
  m_UseGravity: 1
  m_IsKinematic: 0
  m_Interpolate: 0
  m_Constraints: 0
  m_CollisionDetection: 0
--- !u!64 &7889232943753473848
MeshCollider:
  m_ObjectHideFlags: 0
  m_CorrespondingSourceObject: {fileID: 0}
  m_PrefabInstance: {fileID: 0}
  m_PrefabAsset: {fileID: 0}
  m_GameObject: {fileID: 5436460727350938090}
  m_Material: {fileID: 0}
  m_IsTrigger: 0
  m_Enabled: 1
  serializedVersion: 3
  m_Convex: 1
  m_CookingOptions: 14
  m_Mesh: {fileID: -3909829310056525868, guid: 9636f8576d2750e409bef2f15bfce685, type: 3}
--- !u!54 &4586975186616677778
Rigidbody:
  m_ObjectHideFlags: 0
  m_CorrespondingSourceObject: {fileID: 0}
  m_PrefabInstance: {fileID: 0}
  m_PrefabAsset: {fileID: 0}
  m_GameObject: {fileID: 5674156530517707384}
  serializedVersion: 2
  m_Mass: 3.61
  m_Drag: 0
  m_AngularDrag: 0.05
  m_UseGravity: 1
  m_IsKinematic: 0
  m_Interpolate: 0
  m_Constraints: 0
  m_CollisionDetection: 0
--- !u!64 &6829348796053807629
MeshCollider:
  m_ObjectHideFlags: 0
  m_CorrespondingSourceObject: {fileID: 0}
  m_PrefabInstance: {fileID: 0}
  m_PrefabAsset: {fileID: 0}
  m_GameObject: {fileID: 5674156530517707384}
  m_Material: {fileID: 0}
  m_IsTrigger: 0
  m_Enabled: 1
  serializedVersion: 3
  m_Convex: 1
  m_CookingOptions: 14
  m_Mesh: {fileID: 3851760387989689736, guid: 9636f8576d2750e409bef2f15bfce685, type: 3}
--- !u!54 &7474732346730658994
Rigidbody:
  m_ObjectHideFlags: 0
  m_CorrespondingSourceObject: {fileID: 0}
  m_PrefabInstance: {fileID: 0}
  m_PrefabAsset: {fileID: 0}
  m_GameObject: {fileID: 6317141341442938308}
  serializedVersion: 2
  m_Mass: 3.61
  m_Drag: 0
  m_AngularDrag: 0.05
  m_UseGravity: 1
  m_IsKinematic: 0
  m_Interpolate: 0
  m_Constraints: 0
  m_CollisionDetection: 0
--- !u!64 &3994774135301789763
MeshCollider:
  m_ObjectHideFlags: 0
  m_CorrespondingSourceObject: {fileID: 0}
  m_PrefabInstance: {fileID: 0}
  m_PrefabAsset: {fileID: 0}
  m_GameObject: {fileID: 6317141341442938308}
  m_Material: {fileID: 0}
  m_IsTrigger: 0
  m_Enabled: 1
  serializedVersion: 3
  m_Convex: 1
  m_CookingOptions: 14
  m_Mesh: {fileID: 9179383118671197756, guid: 9636f8576d2750e409bef2f15bfce685, type: 3}
--- !u!54 &2955664989065293621
Rigidbody:
  m_ObjectHideFlags: 0
  m_CorrespondingSourceObject: {fileID: 0}
  m_PrefabInstance: {fileID: 0}
  m_PrefabAsset: {fileID: 0}
  m_GameObject: {fileID: 6522958456691109019}
  serializedVersion: 2
  m_Mass: 3.61
  m_Drag: 0
  m_AngularDrag: 0.05
  m_UseGravity: 1
  m_IsKinematic: 0
  m_Interpolate: 0
  m_Constraints: 0
  m_CollisionDetection: 0
--- !u!64 &4981967771584563244
MeshCollider:
  m_ObjectHideFlags: 0
  m_CorrespondingSourceObject: {fileID: 0}
  m_PrefabInstance: {fileID: 0}
  m_PrefabAsset: {fileID: 0}
  m_GameObject: {fileID: 6522958456691109019}
  m_Material: {fileID: 0}
  m_IsTrigger: 0
  m_Enabled: 1
  serializedVersion: 3
  m_Convex: 1
  m_CookingOptions: 14
  m_Mesh: {fileID: -3153663046921628172, guid: 9636f8576d2750e409bef2f15bfce685, type: 3}
--- !u!54 &4965789497214424475
Rigidbody:
  m_ObjectHideFlags: 0
  m_CorrespondingSourceObject: {fileID: 0}
  m_PrefabInstance: {fileID: 0}
  m_PrefabAsset: {fileID: 0}
  m_GameObject: {fileID: 6609129764495641764}
  serializedVersion: 2
  m_Mass: 3.61
  m_Drag: 0
  m_AngularDrag: 0.05
  m_UseGravity: 1
  m_IsKinematic: 0
  m_Interpolate: 0
  m_Constraints: 0
  m_CollisionDetection: 0
--- !u!64 &1936904121129011287
MeshCollider:
  m_ObjectHideFlags: 0
  m_CorrespondingSourceObject: {fileID: 0}
  m_PrefabInstance: {fileID: 0}
  m_PrefabAsset: {fileID: 0}
  m_GameObject: {fileID: 6609129764495641764}
  m_Material: {fileID: 0}
  m_IsTrigger: 0
  m_Enabled: 1
  serializedVersion: 3
  m_Convex: 1
  m_CookingOptions: 14
  m_Mesh: {fileID: -1143049566831290050, guid: 9636f8576d2750e409bef2f15bfce685, type: 3}
--- !u!54 &1261613966645316615
Rigidbody:
  m_ObjectHideFlags: 0
  m_CorrespondingSourceObject: {fileID: 0}
  m_PrefabInstance: {fileID: 0}
  m_PrefabAsset: {fileID: 0}
  m_GameObject: {fileID: 6807363949276944554}
  serializedVersion: 2
  m_Mass: 3.61
  m_Drag: 0
  m_AngularDrag: 0.05
  m_UseGravity: 1
  m_IsKinematic: 0
  m_Interpolate: 0
  m_Constraints: 0
  m_CollisionDetection: 0
--- !u!64 &4271667951953233663
MeshCollider:
  m_ObjectHideFlags: 0
  m_CorrespondingSourceObject: {fileID: 0}
  m_PrefabInstance: {fileID: 0}
  m_PrefabAsset: {fileID: 0}
  m_GameObject: {fileID: 6807363949276944554}
  m_Material: {fileID: 0}
  m_IsTrigger: 0
  m_Enabled: 1
  serializedVersion: 3
  m_Convex: 1
  m_CookingOptions: 14
  m_Mesh: {fileID: -8222361058425899790, guid: 9636f8576d2750e409bef2f15bfce685, type: 3}
--- !u!1 &7343168972193406971
GameObject:
  m_ObjectHideFlags: 0
  m_CorrespondingSourceObject: {fileID: 0}
  m_PrefabInstance: {fileID: 0}
  m_PrefabAsset: {fileID: 0}
  serializedVersion: 6
  m_Component:
  - component: {fileID: 6117663153225243279}
  - component: {fileID: 3384742766999736121}
  - component: {fileID: 36232407832837159}
  - component: {fileID: 1886472922}
  m_Layer: 0
  m_Name: Wall_Solid
  m_TagString: Untagged
  m_Icon: {fileID: 0}
  m_NavMeshLayer: 0
  m_StaticEditorFlags: 0
  m_IsActive: 1
--- !u!4 &6117663153225243279
Transform:
  m_ObjectHideFlags: 0
  m_CorrespondingSourceObject: {fileID: 0}
  m_PrefabInstance: {fileID: 0}
  m_PrefabAsset: {fileID: 0}
  m_GameObject: {fileID: 7343168972193406971}
  m_LocalRotation: {x: -0.7071068, y: 0, z: -0, w: 0.7071068}
  m_LocalPosition: {x: -0, y: 0, z: 0}
  m_LocalScale: {x: 1, y: 1, z: 1}
  m_Children: []
  m_Father: {fileID: 3550330519190250991}
  m_RootOrder: 0
  m_LocalEulerAnglesHint: {x: 0, y: 0, z: 0}
--- !u!33 &3384742766999736121
MeshFilter:
  m_ObjectHideFlags: 0
  m_CorrespondingSourceObject: {fileID: 0}
  m_PrefabInstance: {fileID: 0}
  m_PrefabAsset: {fileID: 0}
  m_GameObject: {fileID: 7343168972193406971}
  m_Mesh: {fileID: -5613867604693661769, guid: 996632be913a26b4ba3e17db31426225, type: 3}
--- !u!23 &36232407832837159
MeshRenderer:
  m_ObjectHideFlags: 0
  m_CorrespondingSourceObject: {fileID: 0}
  m_PrefabInstance: {fileID: 0}
  m_PrefabAsset: {fileID: 0}
  m_GameObject: {fileID: 7343168972193406971}
  m_Enabled: 1
  m_CastShadows: 1
  m_ReceiveShadows: 1
  m_DynamicOccludee: 1
  m_MotionVectors: 1
  m_LightProbeUsage: 1
  m_ReflectionProbeUsage: 1
  m_RenderingLayerMask: 1
  m_RendererPriority: 0
  m_Materials:
  - {fileID: 2100000, guid: 5011d1fdd22615b40b30230fc044f5e6, type: 2}
  m_StaticBatchInfo:
    firstSubMesh: 0
    subMeshCount: 0
  m_StaticBatchRoot: {fileID: 0}
  m_ProbeAnchor: {fileID: 0}
  m_LightProbeVolumeOverride: {fileID: 0}
  m_ScaleInLightmap: 1
  m_PreserveUVs: 0
  m_IgnoreNormalsForChartDetection: 0
  m_ImportantGI: 0
  m_StitchLightmapSeams: 1
  m_SelectedEditorRenderState: 3
  m_MinimumChartSize: 4
  m_AutoUVMaxDistance: 0.5
  m_AutoUVMaxAngle: 89
  m_LightmapParameters: {fileID: 0}
  m_SortingLayerID: 0
  m_SortingLayer: 0
  m_SortingOrder: 0
--- !u!208 &1886472922
NavMeshObstacle:
  m_ObjectHideFlags: 0
  m_CorrespondingSourceObject: {fileID: 0}
  m_PrefabInstance: {fileID: 0}
  m_PrefabAsset: {fileID: 0}
  m_GameObject: {fileID: 7343168972193406971}
  m_Enabled: 1
  serializedVersion: 3
  m_Shape: 1
  m_Extents: {x: 0.5, y: 0.05, z: 1.25}
  m_MoveThreshold: 0
  m_Carve: 1
  m_CarveOnlyStationary: 1
  m_Center: {x: 0, y: 0, z: 1.25}
  m_TimeToStationary: 0.5
--- !u!54 &8929401818581528596
Rigidbody:
  m_ObjectHideFlags: 0
  m_CorrespondingSourceObject: {fileID: 0}
  m_PrefabInstance: {fileID: 0}
  m_PrefabAsset: {fileID: 0}
  m_GameObject: {fileID: 8009587800396814843}
  serializedVersion: 2
  m_Mass: 3.61
  m_Drag: 0
  m_AngularDrag: 0.05
  m_UseGravity: 1
  m_IsKinematic: 0
  m_Interpolate: 0
  m_Constraints: 0
  m_CollisionDetection: 0
--- !u!64 &5557592032053530649
MeshCollider:
  m_ObjectHideFlags: 0
  m_CorrespondingSourceObject: {fileID: 0}
  m_PrefabInstance: {fileID: 0}
  m_PrefabAsset: {fileID: 0}
  m_GameObject: {fileID: 8009587800396814843}
  m_Material: {fileID: 0}
  m_IsTrigger: 0
  m_Enabled: 1
  serializedVersion: 3
  m_Convex: 1
  m_CookingOptions: 14
  m_Mesh: {fileID: 4500778067813328269, guid: 9636f8576d2750e409bef2f15bfce685, type: 3}
--- !u!54 &5370722540049978188
Rigidbody:
  m_ObjectHideFlags: 0
  m_CorrespondingSourceObject: {fileID: 0}
  m_PrefabInstance: {fileID: 0}
  m_PrefabAsset: {fileID: 0}
  m_GameObject: {fileID: 8077856783496665057}
  serializedVersion: 2
  m_Mass: 3.61
  m_Drag: 0
  m_AngularDrag: 0.05
  m_UseGravity: 1
  m_IsKinematic: 0
  m_Interpolate: 0
  m_Constraints: 0
  m_CollisionDetection: 0
--- !u!64 &7984987865145562917
MeshCollider:
  m_ObjectHideFlags: 0
  m_CorrespondingSourceObject: {fileID: 0}
  m_PrefabInstance: {fileID: 0}
  m_PrefabAsset: {fileID: 0}
  m_GameObject: {fileID: 8077856783496665057}
  m_Material: {fileID: 0}
  m_IsTrigger: 0
  m_Enabled: 1
  serializedVersion: 3
  m_Convex: 1
  m_CookingOptions: 14
  m_Mesh: {fileID: 1265945360595731961, guid: 9636f8576d2750e409bef2f15bfce685, type: 3}
--- !u!1001 &4665716980902616715
PrefabInstance:
  m_ObjectHideFlags: 0
  serializedVersion: 2
  m_Modification:
    m_TransformParent: {fileID: 3550330519190250991}
    m_Modifications:
    - target: {fileID: -927199367670048503, guid: 9636f8576d2750e409bef2f15bfce685,
        type: 3}
      propertyPath: m_Name
      value: Wall_Destroyed
      objectReference: {fileID: 0}
    - target: {fileID: -927199367670048503, guid: 9636f8576d2750e409bef2f15bfce685,
        type: 3}
      propertyPath: m_Layer
      value: 10
      objectReference: {fileID: 0}
    - target: {fileID: -927199367670048503, guid: 9636f8576d2750e409bef2f15bfce685,
        type: 3}
      propertyPath: m_IsActive
      value: 0
      objectReference: {fileID: 0}
    - target: {fileID: -2851033026234164537, guid: 9636f8576d2750e409bef2f15bfce685,
        type: 3}
      propertyPath: m_Layer
      value: 10
      objectReference: {fileID: 0}
    - target: {fileID: 502562805335269848, guid: 9636f8576d2750e409bef2f15bfce685,
        type: 3}
      propertyPath: m_Layer
      value: 10
      objectReference: {fileID: 0}
    - target: {fileID: -8369750431497608778, guid: 9636f8576d2750e409bef2f15bfce685,
        type: 3}
      propertyPath: m_Layer
      value: 10
      objectReference: {fileID: 0}
    - target: {fileID: 1947714886977720879, guid: 9636f8576d2750e409bef2f15bfce685,
        type: 3}
      propertyPath: m_Layer
      value: 10
      objectReference: {fileID: 0}
    - target: {fileID: -9033916307841094509, guid: 9636f8576d2750e409bef2f15bfce685,
        type: 3}
      propertyPath: m_Layer
      value: 10
      objectReference: {fileID: 0}
    - target: {fileID: 5367785688058561742, guid: 9636f8576d2750e409bef2f15bfce685,
        type: 3}
      propertyPath: m_Layer
      value: 10
      objectReference: {fileID: 0}
    - target: {fileID: -2348659558619323792, guid: 9636f8576d2750e409bef2f15bfce685,
        type: 3}
      propertyPath: m_Layer
      value: 10
      objectReference: {fileID: 0}
    - target: {fileID: -102963230767664325, guid: 9636f8576d2750e409bef2f15bfce685,
        type: 3}
      propertyPath: m_Layer
      value: 10
      objectReference: {fileID: 0}
    - target: {fileID: -1627097821073338840, guid: 9636f8576d2750e409bef2f15bfce685,
        type: 3}
      propertyPath: m_Layer
      value: 10
      objectReference: {fileID: 0}
    - target: {fileID: -8896950397743705588, guid: 9636f8576d2750e409bef2f15bfce685,
        type: 3}
      propertyPath: m_Layer
      value: 10
      objectReference: {fileID: 0}
    - target: {fileID: -8768128729163839097, guid: 9636f8576d2750e409bef2f15bfce685,
        type: 3}
      propertyPath: m_Layer
      value: 10
      objectReference: {fileID: 0}
    - target: {fileID: 1889753691024618000, guid: 9636f8576d2750e409bef2f15bfce685,
        type: 3}
      propertyPath: m_Layer
      value: 10
      objectReference: {fileID: 0}
    - target: {fileID: 1663246955990567759, guid: 9636f8576d2750e409bef2f15bfce685,
        type: 3}
      propertyPath: m_Layer
      value: 10
      objectReference: {fileID: 0}
    - target: {fileID: 7396006155797790662, guid: 9636f8576d2750e409bef2f15bfce685,
        type: 3}
      propertyPath: m_Layer
      value: 10
      objectReference: {fileID: 0}
    - target: {fileID: 5197779318650573695, guid: 9636f8576d2750e409bef2f15bfce685,
        type: 3}
      propertyPath: m_Layer
      value: 10
      objectReference: {fileID: 0}
    - target: {fileID: -8214192354718001933, guid: 9636f8576d2750e409bef2f15bfce685,
        type: 3}
      propertyPath: m_Layer
      value: 10
      objectReference: {fileID: 0}
    - target: {fileID: 850552395089319777, guid: 9636f8576d2750e409bef2f15bfce685,
        type: 3}
      propertyPath: m_Layer
      value: 10
      objectReference: {fileID: 0}
    - target: {fileID: 3505413691153123690, guid: 9636f8576d2750e409bef2f15bfce685,
        type: 3}
      propertyPath: m_Layer
      value: 10
      objectReference: {fileID: 0}
    - target: {fileID: -3062319589032389806, guid: 9636f8576d2750e409bef2f15bfce685,
        type: 3}
      propertyPath: m_Layer
      value: 10
      objectReference: {fileID: 0}
    - target: {fileID: -1537622591529609249, guid: 9636f8576d2750e409bef2f15bfce685,
        type: 3}
      propertyPath: m_Layer
      value: 10
      objectReference: {fileID: 0}
    - target: {fileID: -7005514498764798431, guid: 9636f8576d2750e409bef2f15bfce685,
        type: 3}
      propertyPath: m_Layer
      value: 10
      objectReference: {fileID: 0}
    - target: {fileID: -1768370926065121892, guid: 9636f8576d2750e409bef2f15bfce685,
        type: 3}
      propertyPath: m_Layer
      value: 10
      objectReference: {fileID: 0}
    - target: {fileID: -5793826541179697296, guid: 9636f8576d2750e409bef2f15bfce685,
        type: 3}
      propertyPath: m_Layer
      value: 10
      objectReference: {fileID: 0}
    - target: {fileID: 5445735811916310897, guid: 9636f8576d2750e409bef2f15bfce685,
        type: 3}
      propertyPath: m_Layer
      value: 10
      objectReference: {fileID: 0}
    - target: {fileID: -836309283377181741, guid: 9636f8576d2750e409bef2f15bfce685,
        type: 3}
      propertyPath: m_Layer
      value: 10
      objectReference: {fileID: 0}
    - target: {fileID: -4216859302048453862, guid: 9636f8576d2750e409bef2f15bfce685,
        type: 3}
      propertyPath: m_LocalPosition.x
      value: -0
      objectReference: {fileID: 0}
    - target: {fileID: -4216859302048453862, guid: 9636f8576d2750e409bef2f15bfce685,
        type: 3}
      propertyPath: m_LocalPosition.y
      value: 0
      objectReference: {fileID: 0}
    - target: {fileID: -4216859302048453862, guid: 9636f8576d2750e409bef2f15bfce685,
        type: 3}
      propertyPath: m_LocalPosition.z
      value: 0
      objectReference: {fileID: 0}
    - target: {fileID: -4216859302048453862, guid: 9636f8576d2750e409bef2f15bfce685,
        type: 3}
      propertyPath: m_LocalRotation.x
      value: -0.7071068
      objectReference: {fileID: 0}
    - target: {fileID: -4216859302048453862, guid: 9636f8576d2750e409bef2f15bfce685,
        type: 3}
      propertyPath: m_LocalRotation.y
      value: 0
      objectReference: {fileID: 0}
    - target: {fileID: -4216859302048453862, guid: 9636f8576d2750e409bef2f15bfce685,
        type: 3}
      propertyPath: m_LocalRotation.z
      value: -0
      objectReference: {fileID: 0}
    - target: {fileID: -4216859302048453862, guid: 9636f8576d2750e409bef2f15bfce685,
        type: 3}
      propertyPath: m_LocalRotation.w
      value: 0.7071068
      objectReference: {fileID: 0}
    - target: {fileID: -4216859302048453862, guid: 9636f8576d2750e409bef2f15bfce685,
        type: 3}
      propertyPath: m_RootOrder
      value: 1
      objectReference: {fileID: 0}
    - target: {fileID: -4216859302048453862, guid: 9636f8576d2750e409bef2f15bfce685,
        type: 3}
      propertyPath: m_LocalEulerAnglesHint.x
      value: 0
      objectReference: {fileID: 0}
    - target: {fileID: -4216859302048453862, guid: 9636f8576d2750e409bef2f15bfce685,
        type: 3}
      propertyPath: m_LocalEulerAnglesHint.y
      value: 0
      objectReference: {fileID: 0}
    - target: {fileID: -4216859302048453862, guid: 9636f8576d2750e409bef2f15bfce685,
        type: 3}
      propertyPath: m_LocalEulerAnglesHint.z
      value: 0
      objectReference: {fileID: 0}
    - target: {fileID: -4492982500573127170, guid: 9636f8576d2750e409bef2f15bfce685,
        type: 3}
      propertyPath: m_Materials.Array.data[0]
      value: 
      objectReference: {fileID: 2100000, guid: 5011d1fdd22615b40b30230fc044f5e6, type: 2}
    - target: {fileID: -1812842435800276531, guid: 9636f8576d2750e409bef2f15bfce685,
        type: 3}
      propertyPath: m_Materials.Array.data[0]
      value: 
      objectReference: {fileID: 2100000, guid: 5011d1fdd22615b40b30230fc044f5e6, type: 2}
    - target: {fileID: -1718186660247601147, guid: 9636f8576d2750e409bef2f15bfce685,
        type: 3}
      propertyPath: m_Materials.Array.data[0]
      value: 
      objectReference: {fileID: 2100000, guid: 5011d1fdd22615b40b30230fc044f5e6, type: 2}
    - target: {fileID: -832393112891351458, guid: 9636f8576d2750e409bef2f15bfce685,
        type: 3}
      propertyPath: m_Materials.Array.data[0]
      value: 
      objectReference: {fileID: 2100000, guid: 5011d1fdd22615b40b30230fc044f5e6, type: 2}
    - target: {fileID: 8508516024520637790, guid: 9636f8576d2750e409bef2f15bfce685,
        type: 3}
      propertyPath: m_Materials.Array.data[0]
      value: 
      objectReference: {fileID: 2100000, guid: 5011d1fdd22615b40b30230fc044f5e6, type: 2}
    - target: {fileID: -252846697863500578, guid: 9636f8576d2750e409bef2f15bfce685,
        type: 3}
      propertyPath: m_Materials.Array.data[0]
      value: 
      objectReference: {fileID: 2100000, guid: 5011d1fdd22615b40b30230fc044f5e6, type: 2}
    - target: {fileID: -263102862820146582, guid: 9636f8576d2750e409bef2f15bfce685,
        type: 3}
      propertyPath: m_Materials.Array.data[0]
      value: 
      objectReference: {fileID: 2100000, guid: 5011d1fdd22615b40b30230fc044f5e6, type: 2}
    - target: {fileID: 40722314527486191, guid: 9636f8576d2750e409bef2f15bfce685,
        type: 3}
      propertyPath: m_Materials.Array.data[0]
      value: 
      objectReference: {fileID: 2100000, guid: 5011d1fdd22615b40b30230fc044f5e6, type: 2}
    - target: {fileID: -9141754864535948438, guid: 9636f8576d2750e409bef2f15bfce685,
        type: 3}
      propertyPath: m_Materials.Array.data[0]
      value: 
      objectReference: {fileID: 2100000, guid: 5011d1fdd22615b40b30230fc044f5e6, type: 2}
    - target: {fileID: 186020790334732950, guid: 9636f8576d2750e409bef2f15bfce685,
        type: 3}
      propertyPath: m_Materials.Array.data[0]
      value: 
      objectReference: {fileID: 2100000, guid: 5011d1fdd22615b40b30230fc044f5e6, type: 2}
    - target: {fileID: -8634762540381321944, guid: 9636f8576d2750e409bef2f15bfce685,
        type: 3}
      propertyPath: m_Materials.Array.data[0]
      value: 
      objectReference: {fileID: 2100000, guid: 5011d1fdd22615b40b30230fc044f5e6, type: 2}
    - target: {fileID: 656353841761731021, guid: 9636f8576d2750e409bef2f15bfce685,
        type: 3}
      propertyPath: m_Materials.Array.data[0]
      value: 
      objectReference: {fileID: 2100000, guid: 5011d1fdd22615b40b30230fc044f5e6, type: 2}
    - target: {fileID: 785210748406850210, guid: 9636f8576d2750e409bef2f15bfce685,
        type: 3}
      propertyPath: m_Materials.Array.data[0]
      value: 
      objectReference: {fileID: 2100000, guid: 5011d1fdd22615b40b30230fc044f5e6, type: 2}
    - target: {fileID: -8294077788449107487, guid: 9636f8576d2750e409bef2f15bfce685,
        type: 3}
      propertyPath: m_Materials.Array.data[0]
      value: 
      objectReference: {fileID: 2100000, guid: 5011d1fdd22615b40b30230fc044f5e6, type: 2}
    - target: {fileID: -7629633840642181820, guid: 9636f8576d2750e409bef2f15bfce685,
        type: 3}
      propertyPath: m_Materials.Array.data[0]
      value: 
      objectReference: {fileID: 2100000, guid: 5011d1fdd22615b40b30230fc044f5e6, type: 2}
    - target: {fileID: 1941233126630256145, guid: 9636f8576d2750e409bef2f15bfce685,
        type: 3}
      propertyPath: m_Materials.Array.data[0]
      value: 
      objectReference: {fileID: 2100000, guid: 5011d1fdd22615b40b30230fc044f5e6, type: 2}
    - target: {fileID: -7234322262069515568, guid: 9636f8576d2750e409bef2f15bfce685,
        type: 3}
      propertyPath: m_Materials.Array.data[0]
      value: 
      objectReference: {fileID: 2100000, guid: 5011d1fdd22615b40b30230fc044f5e6, type: 2}
    - target: {fileID: -7164647270898007388, guid: 9636f8576d2750e409bef2f15bfce685,
        type: 3}
      propertyPath: m_Materials.Array.data[0]
      value: 
      objectReference: {fileID: 2100000, guid: 5011d1fdd22615b40b30230fc044f5e6, type: 2}
    - target: {fileID: -6844249092510715998, guid: 9636f8576d2750e409bef2f15bfce685,
        type: 3}
      propertyPath: m_Materials.Array.data[0]
      value: 
      objectReference: {fileID: 2100000, guid: 5011d1fdd22615b40b30230fc044f5e6, type: 2}
    - target: {fileID: 2514305216565107858, guid: 9636f8576d2750e409bef2f15bfce685,
        type: 3}
      propertyPath: m_Materials.Array.data[0]
      value: 
      objectReference: {fileID: 2100000, guid: 5011d1fdd22615b40b30230fc044f5e6, type: 2}
    - target: {fileID: 2528483738766431138, guid: 9636f8576d2750e409bef2f15bfce685,
        type: 3}
      propertyPath: m_Materials.Array.data[0]
      value: 
      objectReference: {fileID: 2100000, guid: 5011d1fdd22615b40b30230fc044f5e6, type: 2}
    - target: {fileID: -6358134510437023976, guid: 9636f8576d2750e409bef2f15bfce685,
        type: 3}
      propertyPath: m_Materials.Array.data[0]
      value: 
      objectReference: {fileID: 2100000, guid: 5011d1fdd22615b40b30230fc044f5e6, type: 2}
    - target: {fileID: -6101814417846788740, guid: 9636f8576d2750e409bef2f15bfce685,
        type: 3}
      propertyPath: m_Materials.Array.data[0]
      value: 
      objectReference: {fileID: 2100000, guid: 5011d1fdd22615b40b30230fc044f5e6, type: 2}
    - target: {fileID: -5597989785022635627, guid: 9636f8576d2750e409bef2f15bfce685,
        type: 3}
      propertyPath: m_Materials.Array.data[0]
      value: 
      objectReference: {fileID: 2100000, guid: 5011d1fdd22615b40b30230fc044f5e6, type: 2}
    - target: {fileID: -5148811266007404495, guid: 9636f8576d2750e409bef2f15bfce685,
        type: 3}
      propertyPath: m_Materials.Array.data[0]
      value: 
      objectReference: {fileID: 2100000, guid: 5011d1fdd22615b40b30230fc044f5e6, type: 2}
    m_RemovedComponents: []
  m_SourcePrefab: {fileID: 100100000, guid: 9636f8576d2750e409bef2f15bfce685, type: 3}
--- !u!1 &5436460727350938090 stripped
GameObject:
  m_CorrespondingSourceObject: {fileID: 850552395089319777, guid: 9636f8576d2750e409bef2f15bfce685,
    type: 3}
  m_PrefabInstance: {fileID: 4665716980902616715}
  m_PrefabAsset: {fileID: 0}
--- !u!1 &4480456709078248880 stripped
GameObject:
  m_CorrespondingSourceObject: {fileID: -102963230767664325, guid: 9636f8576d2750e409bef2f15bfce685,
    type: 3}
  m_PrefabInstance: {fileID: 4665716980902616715}
  m_PrefabAsset: {fileID: 0}
--- !u!1 &8077856783496665057 stripped
GameObject:
  m_CorrespondingSourceObject: {fileID: 3505413691153123690, guid: 9636f8576d2750e409bef2f15bfce685,
    type: 3}
  m_PrefabInstance: {fileID: 4665716980902616715}
  m_PrefabAsset: {fileID: 0}
--- !u!1 &3719438696206436226 stripped
GameObject:
  m_CorrespondingSourceObject: {fileID: -927199367670048503, guid: 9636f8576d2750e409bef2f15bfce685,
    type: 3}
  m_PrefabInstance: {fileID: 4665716980902616715}
  m_PrefabAsset: {fileID: 0}
--- !u!1 &5063878775584882515 stripped
GameObject:
  m_CorrespondingSourceObject: {fileID: 502562805335269848, guid: 9636f8576d2750e409bef2f15bfce685,
    type: 3}
  m_PrefabInstance: {fileID: 4665716980902616715}
  m_PrefabAsset: {fileID: 0}
--- !u!1 &1531083482740313561 stripped
GameObject:
  m_CorrespondingSourceObject: {fileID: -3062319589032389806, guid: 9636f8576d2750e409bef2f15bfce685,
    type: 3}
  m_PrefabInstance: {fileID: 4665716980902616715}
  m_PrefabAsset: {fileID: 0}
--- !u!1 &2294608530031656187 stripped
GameObject:
  m_CorrespondingSourceObject: {fileID: -2348659558619323792, guid: 9636f8576d2750e409bef2f15bfce685,
    type: 3}
  m_PrefabInstance: {fileID: 4665716980902616715}
  m_PrefabAsset: {fileID: 0}
--- !u!1 &775112247446690373 stripped
GameObject:
  m_CorrespondingSourceObject: {fileID: 5367785688058561742, guid: 9636f8576d2750e409bef2f15bfce685,
    type: 3}
  m_PrefabInstance: {fileID: 4665716980902616715}
  m_PrefabAsset: {fileID: 0}
--- !u!1 &3032805710186826068 stripped
GameObject:
  m_CorrespondingSourceObject: {fileID: -1537622591529609249, guid: 9636f8576d2750e409bef2f15bfce685,
    type: 3}
  m_PrefabInstance: {fileID: 4665716980902616715}
  m_PrefabAsset: {fileID: 0}
--- !u!1 &4764491903472284184 stripped
GameObject:
  m_CorrespondingSourceObject: {fileID: -9033916307841094509, guid: 9636f8576d2750e409bef2f15bfce685,
    type: 3}
  m_PrefabInstance: {fileID: 4665716980902616715}
  m_PrefabAsset: {fileID: 0}
--- !u!1 &6522958456691109019 stripped
GameObject:
  m_CorrespondingSourceObject: {fileID: 1889753691024618000, guid: 9636f8576d2750e409bef2f15bfce685,
    type: 3}
  m_PrefabInstance: {fileID: 4665716980902616715}
  m_PrefabAsset: {fileID: 0}
--- !u!1 &6807363949276944554 stripped
GameObject:
  m_CorrespondingSourceObject: {fileID: -7005514498764798431, guid: 9636f8576d2750e409bef2f15bfce685,
    type: 3}
  m_PrefabInstance: {fileID: 4665716980902616715}
  m_PrefabAsset: {fileID: 0}
--- !u!1 &6317141341442938308 stripped
GameObject:
  m_CorrespondingSourceObject: {fileID: 1663246955990567759, guid: 9636f8576d2750e409bef2f15bfce685,
    type: 3}
  m_PrefabInstance: {fileID: 4665716980902616715}
  m_PrefabAsset: {fileID: 0}
--- !u!1 &1788188874658448460 stripped
GameObject:
  m_CorrespondingSourceObject: {fileID: -2851033026234164537, guid: 9636f8576d2750e409bef2f15bfce685,
    type: 3}
  m_PrefabInstance: {fileID: 4665716980902616715}
  m_PrefabAsset: {fileID: 0}
--- !u!1 &2746088248770601293 stripped
GameObject:
  m_CorrespondingSourceObject: {fileID: 7396006155797790662, guid: 9636f8576d2750e409bef2f15bfce685,
    type: 3}
  m_PrefabInstance: {fileID: 4665716980902616715}
  m_PrefabAsset: {fileID: 0}
--- !u!1 &5111213665588057868 stripped
GameObject:
  m_CorrespondingSourceObject: {fileID: -8768128729163839097, guid: 9636f8576d2750e409bef2f15bfce685,
    type: 3}
  m_PrefabInstance: {fileID: 4665716980902616715}
  m_PrefabAsset: {fileID: 0}
--- !u!4 &415808983512446353 stripped
Transform:
  m_CorrespondingSourceObject: {fileID: -4216859302048453862, guid: 9636f8576d2750e409bef2f15bfce685,
    type: 3}
  m_PrefabInstance: {fileID: 4665716980902616715}
  m_PrefabAsset: {fileID: 0}
--- !u!1 &8009587800396814843 stripped
GameObject:
  m_CorrespondingSourceObject: {fileID: -5793826541179697296, guid: 9636f8576d2750e409bef2f15bfce685,
    type: 3}
  m_PrefabInstance: {fileID: 4665716980902616715}
  m_PrefabAsset: {fileID: 0}
--- !u!1 &4915778084931767431 stripped
GameObject:
  m_CorrespondingSourceObject: {fileID: -8896950397743705588, guid: 9636f8576d2750e409bef2f15bfce685,
    type: 3}
  m_PrefabInstance: {fileID: 4665716980902616715}
  m_PrefabAsset: {fileID: 0}
--- !u!1 &620876759583116788 stripped
GameObject:
  m_CorrespondingSourceObject: {fileID: 5197779318650573695, guid: 9636f8576d2750e409bef2f15bfce685,
    type: 3}
  m_PrefabInstance: {fileID: 4665716980902616715}
  m_PrefabAsset: {fileID: 0}
--- !u!1 &2867254594838715159 stripped
GameObject:
  m_CorrespondingSourceObject: {fileID: -1768370926065121892, guid: 9636f8576d2750e409bef2f15bfce685,
    type: 3}
  m_PrefabInstance: {fileID: 4665716980902616715}
  m_PrefabAsset: {fileID: 0}
--- !u!1 &6609129764495641764 stripped
GameObject:
  m_CorrespondingSourceObject: {fileID: 1947714886977720879, guid: 9636f8576d2750e409bef2f15bfce685,
    type: 3}
  m_PrefabInstance: {fileID: 4665716980902616715}
  m_PrefabAsset: {fileID: 0}
--- !u!1 &3014201145467457699 stripped
GameObject:
  m_CorrespondingSourceObject: {fileID: -1627097821073338840, guid: 9636f8576d2750e409bef2f15bfce685,
    type: 3}
  m_PrefabInstance: {fileID: 4665716980902616715}
  m_PrefabAsset: {fileID: 0}
--- !u!1 &3808675278314820952 stripped
GameObject:
  m_CorrespondingSourceObject: {fileID: -836309283377181741, guid: 9636f8576d2750e409bef2f15bfce685,
    type: 3}
  m_PrefabInstance: {fileID: 4665716980902616715}
  m_PrefabAsset: {fileID: 0}
--- !u!1 &5674156530517707384 stripped
GameObject:
  m_CorrespondingSourceObject: {fileID: -8214192354718001933, guid: 9636f8576d2750e409bef2f15bfce685,
    type: 3}
  m_PrefabInstance: {fileID: 4665716980902616715}
  m_PrefabAsset: {fileID: 0}
--- !u!1 &5433408833946713917 stripped
GameObject:
  m_CorrespondingSourceObject: {fileID: -8369750431497608778, guid: 9636f8576d2750e409bef2f15bfce685,
    type: 3}
  m_PrefabInstance: {fileID: 4665716980902616715}
  m_PrefabAsset: {fileID: 0}
--- !u!1 &805254834915670010 stripped
GameObject:
  m_CorrespondingSourceObject: {fileID: 5445735811916310897, guid: 9636f8576d2750e409bef2f15bfce685,
    type: 3}
  m_PrefabInstance: {fileID: 4665716980902616715}
  m_PrefabAsset: {fileID: 0}
